@MISC{Neumann_models2010,
    author = {Stefan Neumann and Andreas Seibel},
    title = {MoDELS 2010 ACES-MB Workshop Proceedings Toward Mega Models for Maintaining Timing Properties of Automotive Systems},
    year = {2010}
}

@MISC{tailoring,
	author= {M. Bastarrica and J. Simmonds and L. Silvestre},
	title = {A Megamodel for Process Tailoring and Evolution.},
	year = {2014}
}

@MISC{litstud,
	author = {Marcel Heinz},
	title = {Literature Studies in Software Engineering}
}
